@article{Shor,
author = {Shor, P.},
title = {Polynomial-Time Algorithms for Prime Factorization and Discrete Logarithms on a Quantum Computer},
journal = {SIAM Review},
volume = {41},
number = {2},
pages = {303-332},
year = {1999},
doi = {10.1137/S0036144598347011},
eprint = {https://doi.org/10.1137/S0036144598347011}
}


@article{NonLocalCNOT,
  title={Generalized GHZ states and distributed quantum computing},
  author={Yimsiriwattana, Anocha and Lomonaco Jr, Samuel J},
  journal={arXiv preprint quant-ph/0402148},
  year={2004}
}

@article{1WQC,
  title={A one-way quantum computer},
  author={Raussendorf, Robert and Briegel, Hans J},
  journal={Physical Review Letters},
  volume={86},
  number={22},
  pages={5188},
  year={2001},
  publisher={APS}
}

@article{QuantumErrorCorrection,
  title={Theory of quantum error correction for general noise},
  author={Knill, Emanuel and Laflamme, Raymond and Viola, Lorenza},
  journal={Physical Review Letters},
  volume={84},
  number={11},
  pages={2525},
  year={2000},
  publisher={APS}
}
    
@article{Majorana,
  author={A Yu Kitaev},
  title={Unpaired Majorana fermions in quantum wires},
  journal={Physics-Uspekhi},
  volume={44},
  number={10S},
  pages={131},
  url={http://stacks.iop.org/1063-7869/44/i=10S/a=S29},
  year={2001}
}


@article{HensingerIonTraps,
  title={Trapped-ion quantum logic with global radiation fields},
  author={Weidt, S and Randall, J and Webster, SC and Lake, K and Webb, AE and Cohen, I and Navickas, T and Lekitsch, B and Retzker, A and Hensinger, WK},
  journal={Physical review letters},
  volume={117},
  number={22},
  pages={220501},
  year={2016},
  publisher={APS}
}

@article{QKD,
  title={Simple proof of security of the BB84 quantum key distribution protocol},
  author={Shor, Peter W and Preskill, John},
  journal={Physical review letters},
  volume={85},
  number={2},
  pages={441},
  year={2000},
  publisher={APS}
}

@article{OpticsQC,
  title={Linear optical quantum computing with photonic qubits},
  author={Kok, Pieter and Munro, William J and Nemoto, Kae and Ralph, Timothy C and Dowling, Jonathan P and Milburn, Gerard J},
  journal={Reviews of Modern Physics},
  volume={79},
  number={1},
  pages={135},
  year={2007},
  publisher={APS}
}

@INPROCEEDINGS{Grover,
    author = {Lov K. Grover},
    title = {A Fast Quantum Mechanical Algorithm for Database Search},
    booktitle = {ANNUAL ACM SYMPOSIUM ON THEORY OF COMPUTING},
    year = {1996},
    pages = {212--219},
    publisher = {ACM}
}

@INPROCEEDINGS{BQPSepPH,
  author = {Ran Raz, Avishay Tal},
  title = {Oracle Separation of BQP and PH},
  booktitle = {Electronic Colloquium on Computational Complexity},
  year = {2018}
}

@article{TowardsQuantumChemistry,
  title={Towards quantum chemistry on a quantum computer},
  author={Lanyon, Benjamin P and Whitfield, James D and Gillett, Geoff G and Goggin, Michael E and Almeida, Marcelo P and Kassal, Ivan and Biamonte, Jacob D and Mohseni, Masoud and Powell, Ben J and Barbieri, Marco and others},
  journal={Nature chemistry},
  volume={2},
  number={2},
  pages={106},
  year={2010},
  publisher={Nature Publishing Group}
}

@article{QuantumMachineLearning,
  title={Quantum machine learning},
  author={Biamonte, Jacob and Wittek, Peter and Pancotti, Nicola and Rebentrost, Patrick and Wiebe, Nathan and Lloyd, Seth},
  journal={Nature},
  volume={549},
  number={7671},
  pages={195},
  year={2017},
  publisher={Nature Publishing Group}
}

@article{DistributedQCHW,
  title={Distributed quantum computation architecture using semiconductor nanophotonics},
  author={Van Meter, Rodney and Ladd, Thaddeus D and Fowler, Austin G and Yamamoto, Yoshihisa},
  journal={International Journal of Quantum Information},
  volume={8},
  number={01n02},
  pages={295--323},
  year={2010},
  publisher={World Scientific}
}

@book{QCL,
  title={Structured quantum programming},
  author={{\"O}mer, Bernhard},
  year={2003},
  publisher={na}
}

@inproceedings{QLang,
  title={Q\#: Enabling scalable quantum computing and development with a high-level dsl},
  author={Svore, Krysta and Geller, Alan and Troyer, Matthias and Azariah, John and Granade, Christopher and Heim, Bettina and Kliuchnikov, Vadym and Mykhailova, Mariia and Paz, Andres and Roetteler, Martin},
  booktitle={Proceedings of the Real World Domain Specific Languages Workshop 2018},
  pages={7},
  year={2018},
  organization={ACM}
}

@inproceedings{Quipper,
  title={Quipper: a scalable quantum programming language},
  author={Green, Alexander S and Lumsdaine, Peter LeFanu and Ross, Neil J and Selinger, Peter and Valiron, Beno{\^\i}t},
  booktitle={ACM SIGPLAN Notices},
  volume={48},
  number={6},
  pages={333--342},
  year={2013},
  organization={ACM}
}

@article{VanTonder,
  title={A lambda calculus for quantum computation},
  author={Van Tonder, Andr{\'e}},
  journal={SIAM Journal on Computing},
  volume={33},
  number={5},
  pages={1109--1135},
  year={2004},
  publisher={SIAM}
}

@InProceedings{Diaz-Caro,
author="D{\'i}az-Caro, Alejandro",
editor="Chang, Bor-Yuh Evan",
title="A Lambda Calculus for Density Matrices withÂ Classical and Probabilistic Controls",
booktitle="Programming Languages and Systems",
year="2017",
publisher="Springer International Publishing",
address="Cham",
pages="448--467"
}

@article{SolovayKitaev,
  title={The solovay-kitaev algorithm},
  author={Dawson, Christopher M and Nielsen, Michael A},
  journal={arXiv preprint quant-ph/0505030},
  year={2005}
}

@inproceedings{gflow,
  title={Rewriting measurement-based quantum computations with generalised flow},
  author={Duncan, Ross and Perdrix, Simon},
  booktitle={International Colloquium on Automata, Languages, and Programming},
  pages={285--296},
  year={2010},
  organization={Springer}
}

@article{NoisyChannels,
  title={Distributed quantum computation over noisy channels},
  author={Cirac, JI and Ekert, AK and Huelga, SF and Macchiavello, Chiara},
  journal={Physical Review A},
  volume={59},
  number={6},
  pages={4249},
  year={1999},
  publisher={APS}
}

@article{ArchitectureSurvey,
  title={Local and Distributed Quantum Computation},
  author={Van Meter, Rodney and Devitt, Simon J},
  journal={arXiv preprint arXiv:1605.06951},
  year={2016}
}

@article{Anyonic,
  title={Non-Abelian anyons and topological quantum computation},
  author={Nayak, Chetan and Simon, Steven H and Stern, Ady and Freedman, Michael and Sarma, Sankar Das},
  journal={Reviews of Modern Physics},
  volume={80},
  number={3},
  pages={1083},
  year={2008},
  publisher={APS}
}